@inproceedings{szabo2013framework,
  title={Framework for smart city applications based on participatory sensing},
  author={Szabo, R and Farkas, K and Ispany, M and Benczur, AA and Batfai, N and Jeszenszky, P and Laki, S and Vagner, A and Kollar, L and Sidlo, Cs and others},
  booktitle={CogInfoCom},
  pages={295--300},
  year={2013},
  organization={IEEE}
}
@inproceedings{atif2013social,
  title={A Social Web of Things Approach to a Smart Campus Model},
  author={Atif, Yacine and Mathew, Sujith},
  booktitle={Green Computing and Communications (GreenCom), 2013 IEEE and Internet of Things (iThings/CPSCom), IEEE International Conference on and IEEE Cyber, Physical and Social Computing},
  pages={349--354},
  year={2013},
  organization={IEEE}
}

@inproceedings{adamko2014system,
  title={A system model and applications for intelligent campuses},
  author={Adamko, Attila and Kollar, Lajos},
  booktitle={Intelligent Engineering Systems (INES), 2014 18th International Conference on},
  pages={193--198},
  year={2014},
  organization={IEEE}
}

@inproceedings{hirsch2011education,
  title={Education Beyond the Cloud: Anytime-anywhere learning in a smart campus environment},
  author={Hirsch, Benjamin and Ng, Jason WP},
  booktitle={Internet Technology and Secured Transactions (ICITST), 2011 International Conference for},
  pages={718--723},
  year={2011},
  organization={IEEE}
}

@incollection{boran2011smart,
  title={A smart campus prototype for demonstrating the semantic integration of heterogeneous data},
  author={Boran, Aidan and Bedini, Ivan and Matheus, Christopher J and Patel-Schneider, Peter F and Keeney, John},
  booktitle={Web Reasoning and Rule Systems},
  pages={238--243},
  year={2011},
  publisher={Springer}
}

@inproceedings{yu2011towards,
  title={Towards a smart campus with mobile social networking},
  author={Yu, Zhiwen and Liang, Yunji and Xu, Bukan and Yang, Yue and Guo, Bin},
  booktitle={Internet of Things (iThings/CPSCom), 2011 International Conference on and 4th International Conference on Cyber, Physical and Social Computing},
  pages={162--169},
  year={2011},
  organization={IEEE}
}

@inproceedings{ng2010intelligent,
  title={The Intelligent Campus (iCampus): End-to-end learning lifecycle of a knowledge ecosystem},
  author={Ng, Jason WP and Azarmi, Nader and Leida, Marcello and Saffre, Fabrice and Afzal, Ali and Yoo, Paul D},
  booktitle={Intelligent Environments (IE), 2010 Sixth International Conference on},
  pages={332--337},
  year={2010},
  organization={IEEE}
}

@incollection{xiang2015smart,
  title={A Smart University Campus Information Dissemination Framework Based on WeChat Platform},
  author={Xiang, Yue and Chang, Dan and Chen, Baowei},
  booktitle={LISS 2013},
  pages={927--932},
  year={2015},
  publisher={Springer}
}

@inproceedings{zhao2012mobimsg,
  title={MobiMsg: A Resource-Efficient Location-Based Mobile Instant Messaging System},
  author={Zhao, Sheng and Xia, Feng and Chen, Zhen and Li, Zhen and Ma, Jianhua},
  booktitle={CGC},
  pages={466--471},
  year={2012},
  organization={IEEE}
}

@inproceedings{han2014data,
  title={Data Preprocessing Method Based on User Characteristic of Interests for Web Log Mining},
  author={Han, Ying and Xia, Kejian},
  booktitle={IMCCC},
  pages={867--872},
  year={2014},
  organization={IEEE}
}

@inproceedings{kuang2010user,
  title={User interests mining based on Topic Map},
  author={Kuang, Wei and Luo, Nianlong},
  booktitle={FSKD},
  volume={5},
  pages={2399--2402},
  year={2010},
  organization={IEEE}
}

@article{huayue2012study,
  title={The Study on Interesting Mining Based on Topic Model for Web Educational Resource Recommendation},
  author={Huayue, Chen},
  journal={AISS: Advances in Information Sciences and Service Sciences},
  volume={4},
  number={2},
  pages={275--281},
  year={2012}
}

@article{yim2014design,
  title={Design and Implementation of a Smart Campus Guide Android App},
  author={Yim, Jaegeol and Joo, Jaehun and Lee, Gyeyoung and Shim, Kyubark},
  journal={Appl. Math. Inf. Sci.},
  volume={8},
  number={1L},
  pages={47--53},
  year={2014}
}

@article{kusakabe2014developing,
  title={Developing Core Software Requirements of Energy Management System for Smart Campus with Advanced Software Engineering},
  author={Kusakabe, Shigeru and Lin, Hsin-Hung and Omori, Yoichi and Araki, Keijiro},
  journal={International Journal of New Computer Architectures and their Applications (IJNCAA)},
  volume={4},
  number={1},
  pages={48--55},
  year={2014},
  publisher={The Society of Digital Information and Wireless Communication}
}

@article{liu2014research,
  title={Research on the Construction of Smart Campus Based on the Internet of Things and Cloud Computing},
  author={Liu, Yong Liang and Zhang, Wei Hong and Dong, Peng},
  journal={Applied Mechanics and Materials},
  volume={543},
  pages={3213--3217},
  year={2014},
  publisher={Trans Tech Publ}
}

@incollection{boran2011smart,
  title={A smart campus prototype for demonstrating the semantic integration of heterogeneous data},
  author={Boran, Aidan and Bedini, Ivan and Matheus, Christopher J and Patel-Schneider, Peter F and Keeney, John},
  booktitle={Web Reasoning and Rule Systems},
  pages={238--243},
  year={2011},
  publisher={Springer}
}

@inproceedings{zhou2014exploration,
  title={Exploration on Security System Structure of Smart Campus Based on Cloud Computing},
  author={Zhou, Wei},
  booktitle={ICSSR},
  year={2014},
  organization={Atlantis Press}
}

@inproceedings{sangani2013wi,
  title={WI-FI Internet Browsing Architecture Via BYOD for Smart Campus},
  author={Sangani, Nilaykumar Kiran and Vithani, Tejas and Kumar, Nand},
  booktitle={Proc. WCECS},
  volume={1},
  year={2013}
}

@article{khabou2014threshold,
  title={A Threshold based Context Change Detection in Pervasive Environments: Application to a Smart Campus},
  author={Khabou, Nesrine and Rodriguez, Ismael Bouassida and Gharbi, Ghada and Jmaiel, Mohamed},
  journal={Procedia Comput Sci},
  volume={32},
  pages={461--468},
  year={2014},
  publisher={Elsevier}
}

@inproceedings{khan2007future,
  title={Future context-aware pervasive learning environment: smart Campus},
  author={Khan, Muhammad Taimoor and Zia, Kashif},
  booktitle={International conference on integration of information technology in science education},
  year={2007}
}

@article{winkley2012verity,
  title={Verity: an ambient assisted living platform},
  author={Winkley, Jonathan and Jiang, Ping and Jiang, Weiping},
  journal={IEEE Transactions on Consumer Electronics},
  volume={58},
  number={2},
  pages={364--373},
  year={2012},
  publisher={IEEE}
}

@article{chen2012oncampus,
  title={OnCampus: A Mobile Personal Assistant for College Students},
  author={Chen, Zhen and Xia, Feng and Cheng, Rui and Kang, Jialiang and Li, Cui},
  journal={ICCE},
  pages={22},
  year={2012}
}

@article{rettie2009mobile,
  title={Mobile phone communication: Extending Goffman to mediated interaction},
  author={Rettie, Ruth},
  journal={Sociology},
  volume={43},
  number={3},
  pages={421--438},
  year={2009},
  publisher={Sage Publications}
}

@inproceedings{tan2010collaborative,
  title={A collaborative mobile virtual campus system based on location-based dynamic grouping},
  author={Tan, Qing and Jeng, Yu-Lin and Huang, Yueh-Min and others},
  booktitle={ICALT},
  pages={16--18},
  year={2010},
  organization={IEEE}
}

@article{chu2010two,
  title={A two-tier test approach to developing location-aware mobile learning systems for natural science courses},
  author={Chu, Hui-Chun and Hwang, Gwo-Jen and Tsai, Chin-Chung and Tseng, Judy CR},
  journal={Comput Educ},
  volume={55},
  number={4},
  pages={1618--1627},
  year={2010},
  publisher={Elsevier}
}

@inproceedings{lu2011smart,
  title={Smart City Theory and its Function and Significance of Chinese Urban Development},
  author={Lu, Shi},
  booktitle={Forum on Science and Technology in China},
  volume={5},
  pages={016},
  year={2011}
}
